<record><leader>00000cas a2200000 a 4500</leader><controlfield tag="001">11897648</controlfield><controlfield tag="008">850409c19859999miudn ne      0   a0eng c</controlfield><datafield ind1=" " ind2=" " tag="010"><subfield code="a">sn 85009844 </subfield></datafield><datafield ind1=" " ind2=" " tag="040"><subfield code="a">NSD</subfield><subfield code="b">eng</subfield><subfield code="c">NSD</subfield><subfield code="d">NYS</subfield><subfield code="d">NSD</subfield><subfield code="d">MHN</subfield><subfield code="d">OCL</subfield><subfield code="d">OCLCQ</subfield><subfield code="d">OCLCF</subfield><subfield code="d">OCLCO</subfield></datafield><datafield ind1=" " ind2=" " tag="012"><subfield code="k">1</subfield><subfield code="m">1</subfield></datafield><datafield ind1="1" ind2=" " tag="022"><subfield code="a">8750-9008</subfield><subfield code="l">8750-9008</subfield><subfield code="2">1</subfield></datafield><datafield ind1="1" ind2=" " tag="029"><subfield code="a">AU@</subfield><subfield code="b">000020370569</subfield></datafield><datafield ind1=" " ind2=" " tag="032"><subfield code="a">012560</subfield><subfield code="b">USPS</subfield></datafield><datafield ind1=" " ind2=" " tag="037"><subfield code="b">The Albion Recorder, 111 W. Center, Albion, MI 49224</subfield></datafield><datafield ind1=" " ind2=" " tag="042"><subfield code="a">pcc</subfield></datafield><datafield ind1="0" ind2=" " tag="130"><subfield code="a">Albion recorder (Albion, Mich. : 1985)</subfield></datafield><datafield ind1=" " ind2="4" tag="222"><subfield code="a">The Albion recorder</subfield></datafield><datafield ind1="0" ind2="4" tag="245"><subfield code="a">The Albion recorder.</subfield></datafield><datafield ind1=" " ind2=" " tag="260"><subfield code="a">Albion, MI :</subfield><subfield code="b">Albion Evening Recorder</subfield></datafield><datafield ind1=" " ind2=" " tag="300"><subfield code="a">v.</subfield></datafield><datafield ind1=" " ind2=" " tag="310"><subfield code="a">Daily (except Sun. and holidays),</subfield><subfield code="b">Sept. 8, 1990-&lt;Dec. 31, 1991&gt;</subfield></datafield><datafield ind1=" " ind2=" " tag="321"><subfield code="a">Daily (except Sat., Sun., and holidays),</subfield><subfield code="b">Feb. 21, 1985-Sept. 7, 1990</subfield></datafield><datafield ind1="0" ind2=" " tag="362"><subfield code="a">Vol. 82, no. 37 (Feb. 21, 1985)-v. 82, no. 45 (Mar. 5, 1985) ; 82nd yr., no. 46 (Mar. 6, 1985)-</subfield></datafield><datafield ind1=" " ind2=" " tag="500"><subfield code="a">Published by: Calhoun Communications, &lt;Oct. 2, 1990-&gt;</subfield></datafield><datafield ind1=" " ind2="0" tag="651"><subfield code="a">Albion (Calhoun County, Mich.)</subfield><subfield code="v">Newspapers.</subfield></datafield><datafield ind1=" " ind2="0" tag="651"><subfield code="a">Calhoun County (Mich.)</subfield><subfield code="v">Newspapers.</subfield></datafield><datafield ind1=" " ind2="7" tag="655"><subfield code="a">Newspapers.</subfield><subfield code="2">fast</subfield><subfield code="0">(OCoLC)fst01423814</subfield></datafield><datafield ind1=" " ind2="7" tag="651"><subfield code="a">Michigan</subfield><subfield code="z">Albion (Calhoun County)</subfield><subfield code="2">fast</subfield><subfield code="0">(OCoLC)fst01314913</subfield></datafield><datafield ind1=" " ind2="7" tag="651"><subfield code="a">Michigan</subfield><subfield code="z">Calhoun County.</subfield><subfield code="2">fast</subfield><subfield code="0">(OCoLC)fst01214761</subfield></datafield><datafield ind1=" " ind2=" " tag="752"><subfield code="a">United States</subfield><subfield code="b">Michigan</subfield><subfield code="c">Calhoun</subfield><subfield code="d">Albion.</subfield></datafield><datafield ind1="0" ind2="0" tag="780"><subfield code="t">Albion evening recorder</subfield><subfield code="w">(DLC)sn 88074539</subfield><subfield code="w">(OCoLC)18148509</subfield></datafield><datafield ind1=" " ind2=" " tag="936"><subfield code="a">87th year, no. 197 (Oct. 2, 1990) LIC</subfield></datafield></record>